<?xml version="1.0" encoding="UTF-8"?><collection xmlns="http://www.loc.gov/MARC21/slim"><record><leader>00628nam--2200181-i-4500</leader><controlfield tag="001">000049284</controlfield><controlfield tag="002">20161230</controlfield><controlfield tag="005">20161230201047</controlfield><controlfield tag="008">060222s1000------------r-----000-0-eng-d</controlfield><datafield ind1=" " ind2=" " tag="040"><subfield code="a">IFIN-HH</subfield></datafield><datafield ind1=" " ind2=" " tag="080"><subfield code="a">537.311.33</subfield></datafield><datafield ind1="1" ind2=" " tag="100"><subfield code="a">Paskell,E</subfield></datafield><datafield ind1="1" ind2="0" tag="245"><subfield code="a">Semiconductor abstracts. abstracts of literature on semiconducting and luminescent materials ant their applications</subfield><subfield code="b">Volume iii. 1955 issue compiled by battelle memorial institute</subfield><subfield code="c">E. paskell (ed.)</subfield></datafield><datafield ind1=" " ind2=" " tag="260"><subfield code="a">New York</subfield><subfield code="b">John Wiley &amp; Sons, Inc</subfield><subfield code="c">1957</subfield></datafield><datafield ind1=" " ind2=" " tag="300"><subfield code="a">322P</subfield></datafield><datafield ind1=" " ind2=" " tag="490"><subfield code="a">Semiconductor Abstracts</subfield></datafield><datafield ind1=" " ind2=" " tag="852"><subfield code="a">10830</subfield><subfield code="c">537.311.33</subfield></datafield><datafield ind1=" " ind2=" " tag="CAT"><subfield code="a">Sys</subfield><subfield code="c">20110718</subfield><subfield code="h">101528</subfield></datafield></record></collection>